<record><leader>00000cas a22000007a 4500</leader><controlfield tag="001">13148659</controlfield><controlfield tag="008">860213d1844184unyudr ne      0    0eng d</controlfield><datafield ind1=" " ind2=" " tag="010"><subfield code="a">sn 86053093 </subfield></datafield><datafield ind1=" " ind2=" " tag="040"><subfield code="a">NPX</subfield><subfield code="b">eng</subfield><subfield code="c">NPX</subfield><subfield code="d">NYS</subfield><subfield code="d">OCLCQ</subfield></datafield><datafield ind1=" " ind2=" " tag="042"><subfield code="a">msc</subfield></datafield><datafield ind1="0" ind2="0" tag="245"><subfield code="a">Morning sentinel for the country.</subfield></datafield><datafield ind1="1" ind2="3" tag="246"><subfield code="a">Syracuse morning sentinel for the country</subfield></datafield><datafield ind1="1" ind2="3" tag="246"><subfield code="a">Syracuse morning sentinel</subfield></datafield><datafield ind1="1" ind2="3" tag="246"><subfield code="a">Morning sentinel</subfield></datafield><datafield ind1=" " ind2=" " tag="260"><subfield code="a">Syracuse [N.Y.] :</subfield><subfield code="b">N.M.D. Lathrop</subfield></datafield><datafield ind1=" " ind2=" " tag="300"><subfield code="a">v.</subfield></datafield><datafield ind1=" " ind2=" " tag="310"><subfield code="a">Daily</subfield></datafield><datafield ind1="1" ind2=" " tag="362"><subfield code="a">Began in 1844?</subfield></datafield><datafield ind1=" " ind2=" " tag="500"><subfield code="a">Published a semiweekly ed. (title unknown).</subfield></datafield><datafield ind1=" " ind2=" " tag="588"><subfield code="a">Description based on: Vol. 1, [no.] 120 (June 10, 1844).</subfield></datafield><datafield ind1=" " ind2=" " tag="752"><subfield code="a">United States</subfield><subfield code="b">New York</subfield><subfield code="c">Onondaga</subfield><subfield code="d">Syracuse.</subfield></datafield><datafield ind1="0" ind2=" " tag="775"><subfield code="t">Syracuse morning sentinel</subfield><subfield code="w">(DLC)sn 91066090</subfield><subfield code="w">(OCoLC)23604545</subfield></datafield></record>